[gd_scene load_steps=9 format=2]

[ext_resource path="res://scene/Main/Plane.tscn" type="PackedScene" id=1]
[ext_resource path="res://scene/Main/Background.tscn" type="PackedScene" id=2]
[ext_resource path="res://scene/Main/EnemyManager.cs" type="Script" id=3]
[ext_resource path="res://scene/Main/Shot.tscn" type="PackedScene" id=4]
[ext_resource path="res://scene/Main/ShotManager.cs" type="Script" id=5]
[ext_resource path="res://scene/Main/Bomb.tscn" type="PackedScene" id=6]
[ext_resource path="res://scene/Main/BombManager.cs" type="Script" id=7]
[ext_resource path="res://scene/Main/Enemy.tscn" type="PackedScene" id=8]

[node name="Game" type="Node"]

[node name="Background" parent="." instance=ExtResource( 2 )]

[node name="BombManager" type="Node" parent="."]
script = ExtResource( 7 )
Bomb = ExtResource( 6 )

[node name="EnemyManager" type="Node" parent="."]
script = ExtResource( 3 )
Enemy = ExtResource( 8 )

[node name="Plane" parent="." instance=ExtResource( 1 )]
position = Vector2( 310, 374 )

[node name="ShotManager" type="Node" parent="."]
script = ExtResource( 5 )
Shot = ExtResource( 4 )

[connection signal="Shoot" from="Plane" to="ShotManager" method="OnPlaneShoot"]
